
@article{1,
    author={Romero and Cristóbal and Sebastián, Ventura},
    title={Educational data mining: a review of the state of the art.},
    journal={IEEE Transactions on Systems, Man, and Cybernetics Part C (applications and reviews)},
    volume={40},
    number={6},
    pages={601--618},
    year={2010}
}

@article{2,
    author={Baek and Clare and Tenzin Doleck},
    title={Educational data mining versus learning analytics: A review of publications from 2015 to 2019.},
    journal={Interactive Learning Environments},
    volume={31},
    number={6},
    pages={3828--3850},
    year={2023}
}

@article{3,
    author={Dol and Sunita M. and Pradip M. Jawandhiya},
    title={Classification Technique and its Combination with Clustering and Association Rule Mining in Educational Data Mining—A survey.},
    journal={Engineering Applications of Artificial Intelligence},
    volume={122},
    pages={106071},
    year={2023}
}

@conference{5,
    author={Livieris and Ioannis E. and Nikos Karacapilidis and Georgios Domalis and Dimitris Tsakalidis},
    title={An advanced explainable and interpretable ML-based framework for educational data mining.},
    booktitle={International Conference in Methodologies and intelligent Systems for Techhnology Enhanced Learning},
    publisher={Cham: Springer Nature Switzerland},
    pages={87--96},
    year={2023},
}

@conference{6,
    author={R.A.P. Queirós and J.P. Leal},
    title={PETCHA: A Programming Exercises Teaching Assistant},
    booktitle={Proceedings of the 17th ACM annual conference on Innovation and technology in computer science education},
    pages={192--197},
    year={2012}
}

@article{7,
    author={I. Mekterović and L. Brkić and B. Milašinović and M. Baranović},
    title={Building a Comprehensive Automated Programming Assessment System},
    journal={IEEE Access},
    volume={8},
    pages={81154--81172},
    year={2020}
}

@article{8,
    author={S. Combéfis},
    title={Automated Code Assessment for Education: Review, Classification and Perspectives on Techniques and Tools},
    journal={Software},
    volume={1},
    number={1},
    pages={3--30},
    year={2022}
}

@conference{9,
    author={P.N. Sovietov and A.V Gorchakov},
    title={Digital Teaching Assistant for the Python Programming Course},
    booktitle={Proceedings of the 2022 2nd International Conference on Technology Enhanced Learning in Higher Education},
    pages={272--276},
    year={2022}
}

@article{10,
    author={Ju.V. Starichkova and I.E. Rogov and V.S. Tomashevskaya},
    title={Developing the data management component of an academic discipline program for an educational management information system,},
    journal={Russian Technological Journal},
    volume={11},
    number={1},
    pages={7--17},
    year={2023},
    doi={10.32362/2500-316X-2023-11-1-7-17}
}

@misc{11,
  author={L.A. Demidova and P.N. Sovietov and E.G. Andrianova and A.A. Demidova},
  howpublished={\url{https://zenodo.org/record/8092417}},
  title={Anomalies Detection in Student Activity in Solving Unique Programming Exercises: Motivated Students against Suspicious Ones},
  year={2023},
  note="[Online; accessed 30-September-2023]"
}

@article{12,
    author={L.A. Demidova and E.G. Andrianova and P.N. Sovietov and A.V. Gorchakov},
    title={Dataset of Program Source Codes Solving Unique Programming Exercises Generated by Digital Teaching Assistant},
    journal={Data},
    volume={8},
    pages={109},
    year={2023},
    doi={https://doi.org/10.3390/data8060109}
}

@conference{13,
    author={L. Jiang, G. Misherghi, Z. Su and S. Glondu},
    title={Deckard: Scalable and Accurate Tree-Based Detection of Code Clones},
    booktitle={Proceedings of the 29-th International Conference on Software Engineering},
    pages={96--105},
    year={2007}
}

@article{15,
    author={E.G. Andrianova and L.A. Demidova and P.N. Sovetov},
    title={Pedagogical Design of a Digital Teaching Assistant in Massive Professional Training for the Digital Economy.},
    journal={Russian Technological Journal},
    volume={10},
    number={3},
    pages={7--23},
    year={2022},
}



@conference{16,
    author={P. Sovietov},
    title={Automatic Generation of Programming Exercises},
    booktitle={2021 1st International Conference on Technology Enhanced Learning in Higher Education},
    pages={111--114},
    year={2021}
}